@article{Burdka2017,
   abstract = {A solution to the problem of adjusting the pose of an animated video game character to the diverse terrain and surroundings is proposed. It is an important task in every modern video game where there is a focus on animated characters. Not addressing this issue leads to major visual glitches such as legs hovering above the ground surface, or penetrating the obstacles while moving. As presented in this work, the described problem can be effectively solved by examining the surroundings in real-time and applying Inverse Kinematics (IK) as a procedural post process to the currently used animation.},
   author = {Łukasz Burdka and Paweł Rohleder},
   doi = {10.22630/mgv.2017.26.1.1},
   issn = {12300535},
   issue = {1-4},
   journal = {Machine Graphics and Vision},
   keywords = {Animations,Game systems,Inverse kinematics,Physics,Visual improvements},
   pages = {3-11},
   publisher = {Faculty of Applied Informatics and Mathematics - WZIM, Warsaw University of Life Sciences - SGGW},
   title = {Applied inverse kinematics for bipedal characters moving on the diverse terrain},
   volume = {26},
   year = {2017},
}
@Book{nocedal_newton,
  Title                    = {Numerical Optimization},
  Author                   = {Jorge Nocedal and Stephen J. Wright},
  Publisher                = {Springer},
  Year                     = {1999},

  Address                  = {New York, NY, USA}
}
@article{Wampler1986ManipulatorIK,
  title={Manipulator Inverse Kinematic Solutions Based on Vector Formulations and Damped Least-Squares Methods},
  author={Charles W. Wampler},
  journal={IEEE Transactions on Systems, Man, and Cybernetics},
  year={1986},
  volume={16},
  pages={93-101}
}
@article{buss_kim_sdls,
    author = { Samuel R.   Buss  and  Jin-Su   Kim },
    title = {Selectively Damped Least Squares for Inverse Kinematics},
    journal = {Journal of Graphics Tools},
    volume = {10},
    number = {3},
    pages = {37-49},
    year  = {2005},
    publisher = {Taylor \& Francis},
    doi = {10.1080/2151237X.2005.10129202},
    URL = {https://doi.org/10.1080/2151237X.2005.10129202},
    eprint = {https://doi.org/10.1080/2151237X.2005.10129202}
}
@article{wang_dldls,
    title = {Deep-learning damped least squares method for inverse kinematics of redundant robots},
    journal = {Measurement},
    volume = {171},
    pages = {108821},
    year = {2021},
    issn = {0263-2241},
    doi = {https://doi.org/10.1016/j.measurement.2020.108821},
    url = {https://www.sciencedirect.com/science/article/pii/S0263224120313154},
    author = {Xiaoqi Wang and Xing Liu and Lerui Chen and Heyu Hu},
    keywords = {Inverse kinematics, Redundant robot, Damped least square method, Optimal enhanced coefficient, Deep neural network},
    abstract = {In the robot field, it has always been a hard issue of solving inverse kinematics (IK) problems of redundant robot. Although many researchers have come up with solutions for redundant robots with different configurations, there is still an issue of computational efficiency for redundant robot with complex configuration. In this paper, we proposed a novel optimization method which solves redundant robot IK with ultra-high speed and accuracy. On the basis of damped least square (DLS) method with a good stability, we introduced an optimal enhanced coefficient for the first time to achieve faster iteration and more accurate convergence. This is also due to the good performance of the deep neural network we designed in coefficient prediction. 106 data points were selected from the robot working space as the original data training network. The simulation result showed that, unlike other algorithms which take hundreds of iterations to achieve convergence, through the optimized method proposed in this paper, the average number of iteration was just less than 10 and the solving speed was greatly improved on the basis of ensuring stability. In addition, the convergence of the algorithm was greatly improved and when the error threshold was 0.01 mm, the convergence reached 95.47%, which is better than most existing algorithms. In this paper, we evaluated the common IK methods, and the results showed that this method performed better in convergence, accuracy and speed.}
}
@ARTICLE{maciejewski,
  author={Maciejewski, A.A.},
  journal={IEEE Computer Graphics and Applications}, 
  title={Dealing with the ill-conditioned equations of motion for articulated figures}, 
  year={1990},
  volume={10},
  number={3},
  pages={63-71},
  doi={10.1109/38.55154}
}
@book{num_recipes,
    author = {Press, William H. and Teukolsky, Saul A. and Vetterling, William T. and Flannery, Brian P.},
    title = {Numerical Recipes in C (2nd Ed.): The Art of Scientific Computing},
    year = {1992},
    isbn = {0521431085},
    publisher = {Cambridge University Press},
    address = {USA}
}
@book{golub_matrix3,
    author = {Golub, Gene H. and Van Loan, Charles F.},
    title = {Matrix Computations (3rd Ed.)},
    year = {1996},
    isbn = {0801854148},
    publisher = {Johns Hopkins University Press},
    address = {USA}
}
@article{Aristidou:2018:IK_survey,
	author    = {Aristidou, Andreas and Lasenby, Joan and Chrysanthou, Yiorgos and Shamir, Ariel},
	title     = {Inverse Kinematics Techniques in Computer Graphics: A Survey},
	doi 	  = {10.1111/cgf.13310},
	journal   = {Comput. Graph. Forum},
	volume    = {37},
	number    = {6},
	pages     = {35-58},
	publisher = {The Eurographs Association \&\#38; John Wiley \&\#38; Sons, Ltd.},
	month     = {September},
	year      = {2018},
}
@article{raheem_trig,
    author = {Raheem, Firas and Sadiq, Ahmed and F. Abbas, Noor},
    year = {2019},
    month = {02},
    pages = {29-42},
    title = {Robot Arm Free Cartesian Space Analysis for Heuristic Path Planning Enhancement},
    volume = {19},
    journal = {International Journal of Mechanical \& Mechatronics Engineering}
}
@article{rbuss_ik_survey,
    author = {Buss, Samuel},
    year = {2004},
    month = {05},
    pages = {},
    title = {Introduction to inverse kinematics with Jacobian transpose, pseudoinverse and damped least squares methods},
    volume = {17},
    journal = {IEEE Transactions in Robotics and Automation}
}
@article{Aristidou2011,
   abstract = {Inverse Kinematics is defined as the problem of determining a set of appropriate joint configurations for which the end effectors move to desired positions as smoothly, rapidly, and as accurately as possible. However, many of the currently available methods suffer from high computational cost and production of unrealistic poses. In this paper, a novel heuristic method, called Forward And Backward Reaching Inverse Kinematics (FABRIK), is described and compared with some of the most popular existing methods regarding reliability, computational cost and conversion criteria. FABRIK avoids the use of rotational angles or matrices, and instead finds each joint position via locating a point on a line. Thus, it converges in few iterations, has low computational cost and produces visually realistic poses. Constraints can easily be incorporated within FABRIK and multiple chains with multiple end effectors are also supported. © 2011 Elsevier Inc. All rights reserved.},
   author = {Andreas Aristidou and Joan Lasenby},
   doi = {10.1016/j.gmod.2011.05.003},
   issn = {15240703},
   issue = {5},
   journal = {Graphical Models},
   keywords = {Human animation,Inverse Kinematics,Joint configuration,Motion reconstruction},
   month = {9},
   title = {FABRIK: A fast, iterative solver for the Inverse Kinematics problem},
   volume = {73},
   year = {2011},
}
@article{ccd_protein,
    author = {Canutescu, Adrian and Dunbrack, Roland},
    year = {2003},
    month = {06},
    pages = {963-72},
    title = {Cyclic coordinate descent: A robotics algorithm for protein loop closure},
    volume = {12},
    journal = {Protein science : a publication of the Protein Society},
    doi = {10.1110/ps.0242703}
}

@article{BALESTRINO19842435,
    title = {Robust Control of Robotic Manipulators},
    journal = {IFAC Proceedings Volumes},
    volume = {17},
    number = {2},
    year = {1984},
    note = {9th IFAC World Congress: A Bridge Between Control Science and Technology, Budapest, Hungary, 2-6 July 1984},
    issn = {1474-6670},
    doi = {https://doi.org/10.1016/S1474-6670(17)61347-8},
    url = {https://www.sciencedirect.com/science/article/pii/S1474667017613478},
    author = {A. Balestrino and G. {De Maria} and L. Sciavicco},
}
@INPROCEEDINGS{wolovich,  author={Wolovich, W. A. and Elliott, H.},
    booktitle={The 23rd IEEE Conference on Decision and Control},   title={A
                                                                           computational
                                                                           technique
                                                                           for
                                                                           inverse
                                                                           kinematics},
year={1984},  volume={},  number={}, 
doi={10.1109/CDC.1984.272258}}
@INPROCEEDINGS{Baillieul,  author={Baillieul, J.},  booktitle={Proceedings. 1985
    IEEE International Conference on Robotics and Automation},
title={Kinematic programming alternatives for redundant manipulators},
year={1985},  volume={2},  number={},  pages={722-728},
doi={10.1109/ROBOT.1985.1087234}}

@article{ccd,
author = { Ben   Kenwright },
title = {Inverse Kinematics – Cyclic Coordinate Descent (CCD)},
journal = {Journal of Graphics Tools},
volume = {16},
number = {4},
pages = {177-217},
year  = {2012},
publisher = {Taylor & Francis},
doi = {10.1080/2165347X.2013.823362},

URL = { 
    
        https://doi.org/10.1080/2165347X.2013.823362
    
    

},
eprint = { 
    
        https://doi.org/10.1080/2165347X.2013.823362
    
    

}

}

@Article{nn_IK,
AUTHOR = {Lu, Jiaoyang and Zou, Ting and Jiang, Xianta},
TITLE = {A Neural Network Based Approach to Inverse Kinematics Problem for General Six-Axis Robots},
JOURNAL = {Sensors},
VOLUME = {22},
YEAR = {2022},
NUMBER = {22},
ARTICLE-NUMBER = {8909},
URL = {https://www.mdpi.com/1424-8220/22/22/8909},
PubMedID = {36433505},
ISSN = {1424-8220},
DOI = {10.3390/s22228909}
}

@article{jacobian,
author = {David E. Orin and William W. Schrader},
title ={Efficient Computation of the Jacobian for Robot Manipulators},
journal = {The International Journal of Robotics Research},
volume = {3},
number = {4},
pages = {66-75},
year = {1984},
doi = {10.1177/027836498400300404},

URL = { 
        https://doi.org/10.1177/027836498400300404
},
eprint = { 
        https://doi.org/10.1177/027836498400300404
}
}

@misc{Grau2021,
   abstract = {Resum L'` ambit dels gràfics per ordinador s'ha interessat durant anys en la generació d'animacions realistes per a simulacions, videojocs i pel·lícules. Els m` etodes tradicionals com key frame i motion capture tenen un elevat cost en temps i recursos, i generen animacions generalment estàtiques que limiten la immersió i la jugabilitat degut a la repetició i poca interacció de moviments. Per contra, l'animació procedimental proporciona una millor interacció en la generació de moviments a temps real gràcies a les regles matemàtiques que descriuen el comportament dels objectes. El procésprocésòptim per crear aquest tipus d'animacions s'anomena cinemàtica inversa. La cinemàticá es una branca de la mecànicacì assica que descriu el moviment dels objectes a partir de la posició i orientació sense tenir en compte la força i la massa, i té particular rellevància en els camps de la robòtica i els gràfics 3D. Els reptes que suposa la solució al problema de la cinemàtica inversa, així com la necessitat de generar noves eines que en facilitin l'´ us, són la nostra motivació principal. Concretament, aquest projecte es focalitza en l'estudi de la cinemàtica inversa aplicada a l'animació en el món virtual 3D. S'introdueixen els conceptes b` asics, així com s'estudia els diferents m` etodes i eines existents que permeten solucionar aquest problema. Per altra banda, es dissenya, desenvolupa i testa un asset per a Unity que permet aplicar dues solucions de cinemàtica inversa a diferents avatars i facilita la creació d'animacions. Resumen Eì ambito de los gráficos por ordenador se ha interesado durante años en la generación de animaciones realistas para simulaciones, videojuegos y películas. Los métodos tradicionales como key frame y motion capture tienen un elevado coste en tiempo y recursos, y generan animaciones generalmente estàticas que limitan la inmersión y la jugabilidad a causa de la repetición y poca interacción de movimientos. Por contra, la animación procedimental proporciona una mejor interacción en la generación de movimientos a tiempo real, gracias a las reglas matemáticas que describen el comportamiento de los objetos. El procesóprocesó optimo para crear este tipo de animaciones se llama cinemática inversa. La cinemática es una rama de la mecánica clásica que describe el movimiento de los objetos a partir de la posición y orientación sin tener en cuenta la fuerza y la masa, y tiene particular relevancia en los campos de la robótica y los gráficos 3D. Los retos que supone la solución al problema de la cinemática inversa, así como la necesidad de generar nuevas herramientas que faciliten su uso, constituyen nuestra principal motivación. Concretamente, este proyecto se focaliza en el estudio de la cinemática inversa aplicada a la animación en el mundo virtual 3D. Se introducen los conceptos básicos así como se estudia los distintos métodos y herramientas existentes que permiten solucionar este problema. Por otro lado, se diseña, desarolla y testea un asset para Unity que permite aplicar dos soluciones de cinemática inversa a distintos avatares y facilita la creación de animaciones. 2},
   author = {Doble Grau and D E Matem`atiques and Matem` Matem`atiques and Lydia Cadevall and Soto Directora and Dra Inmaculada and Rodríguez Santiago},
   title = {Treball final de grau Procedural generation of animations with inverse kinematics},
   year = {2021},
}

@MISC{blender_ik2,
  author = {Blender 3.4 Manual},
  title = {Inverse Kinematics Introduction},
  howpublished = {\url{https://docs.blender.org/manual/en/latest/animation/armatures/posing/bone_constraints/inverse_kinematics/introduction.html}},
  year = "2022",
  note = {Accessed: 2022-12-26}
}

@MISC{unity_import,
  author = {Unity User Manual},
  title = {Animation from external sources},
  howpublished = {\url{https://docs.unity3d.com/Manual/AnimationsImport.html}},
  year = "2022",
  note = {Accessed: 2022-12-28}
}

@MISC{unity_weights,
  author = {Unity User Manual},
  title = {Sculpting \& Painting - Weight Paint},
  howpublished = {\url{https://docs.blender.org/manual/en/latest/sculpt_paint/weight_paint/introduction.html}},
  year = "2023",
  note = {Accessed: 2023-01-18}
}
@inproceedings{skinning,
  author = {Alec Jacobson and Zhigang Deng and Ladislav Kavan and JP Lewis},
  title = {Skinning: Real-time Shape Deformation},
  booktitle = {ACM SIGGRAPH 2014 Courses},
  year = {2014},
}
@MISC{unity_animation_rigging,
  author = {Unity Packages},
  title = {Animation Rigging - ChainIkConstraint},
  howpublished = {\url{https://docs.unity3d.com/Packages/com.unity.animation.rigging@1.0/manual/constraints/ChainIKConstraint.html}},
  year = "2020",
  note = {Accessed: 2023-01-02}
}
@MISC{minecraft,
  author = {Mojang},
  title = {Minecraft},
  howpublished = {\url{https://www.minecraft.net/en-us}},
  year = "2022",
  note = {Accessed: 2023-01-02}
}
@MISC{unity_animator,
  author = {Unity User Manual},
  title = {Animation Controller},
  howpublished = {\url{https://docs.unity3d.com/Manual/class-AnimatorController.html}},
  year = "2022",
  note = {Accessed: 2022-12-28}
}

@MISC{kinematics_britannica,
  author = {Encyclopedia Britannica},
  title = {Kinematics},
  howpublished = {\url{https://www.britannica.com/science/kinematics}},
  note = {Accessed: 2023-01-07}
}

@MISC{unity_ik,
  author = {Unity User Manual},
  title = {Inverse Kinematics},
  howpublished = {\url{https://docs.unity3d.com/Manual/InverseKinematics.html}},
  year = "2022",
  note = {Accessed: 2022-12-28}
}

@MISC{unity_humanoid_avatars,
  author = {Unity User Manual},
  title = {Humanoid Avatars},
  howpublished = {\url{https://docs.unity3d.com/Manual/AvatarCreationandSetup.html}},
  year = "2022",
  note = {Accessed: 2022-12-28}
}

@MISC{youtube_ik,
  author = {DitzelGames},
  title = {C\# Inverse Kinematics in Unity},
  howpublished = {\url{https://www.youtube.com/watch?v=qqOAzn05fvk}},
  year = "2019",
  note = {Accessed: 2022-10-13}
}

@MISC{unity_humanoid_import,
  author = {Unity User Manual},
  title = {Importing a model with humanoid animations},
  howpublished = {\url{https://docs.unity3d.com/Manual/ConfiguringtheAvatar.html}},
  year = "2022",
  note = {Accessed: 2022-12-28}
}

@MISC{unity_coroutines,
  author = {Unity User Manual},
  title = {Coroutines},
  howpublished = {\url{https://docs.unity3d.com/Manual/Coroutines.html}},
  year = "2022",
  note = {Accessed: 2022-12-29}
}

@MISC{unity_profiler,
  author = {Unity User Manual},
  title = {Profiler overview},
  howpublished = {\url{https://docs.unity3d.com/Manual/Profiler.html}},
  year = "2022",
  note = {Accessed: 2023-01-04}
}

@MISC{ar_constraints,
  author = {Unity User Manual},
  title = {Animation Rigging - Constraint Components},
  howpublished = {\url{https://docs.unity3d.com/Packages/com.unity.animation.rigging@1.0/manual/ConstraintComponents.html}},
  year = "2020",
  note = {Accessed: 2022-12-28}
}

@MISC{collada,
  author = {Adobe},
  title = {Collada File Type},
  howpublished = {\url{https://www.adobe.com/creativecloud/file-types/image/vector/collada-file.html}},
  year = "2022",
  note = {Accessed: 2022-12-27}
}

@article{Wang1991,
   abstract = {A new method for computing numerical solutions to the inverse kinematics problem of robotic manipulators is developed in this paper. The proposed method is based on a combination of two nonlinear programming techniques and the forward recursion formulas, with the joint limitations of the robot being handled implicitly as simple boundary constraints. This method is numerically stable since it converges to the correct answer with virtually any initial approximation, and it is not sensitive to the singular configurations of the manipulator. In addition, this method is computationally efficient and can be applied to serial manipulators having any number of degrees of freedom. © 1991 IEEE},
   author = {Li Chun Tommy Wang and Chih Cheng Chen},
   doi = {10.1109/70.86079},
   issn = {1042296X},
   issue = {4},
   journal = {IEEE Transactions on Robotics and Automation},
   pages = {489-499},
   title = {A Combined Optimization Method for Solving the Inverse Kinematics Problem of Mechanical Manipulators},
   volume = {7},
   year = {1991},
}

@article{jacobian,
    author = {Buss, Samuel},
    year = {2004},
    month = {05},
    pages = {},
    title = {Introduction to inverse kinematics with Jacobian transpose, pseudoinverse and damped least squares methods},
    volume = {17},
    journal = {IEEE Transactions in Robotics and Automation}
}
